@book{Wohler2013,
author = {Wöhler, Christian},
booktitle = {Vasa},
isbn = {9781447141495},
title = {{3D Computer Vision: Efficient Methods and Applications}},
year = {2013},
publisher={Springer}
}

@article{Lorensen1987,
 author = {Lorensen, William E. and Cline, Harvey E.},
 title = {Marching Cubes: A High Resolution 3D Surface Construction Algorithm},
 journal = {SIGGRAPH Comput. Graph.},
 issue_date = {July 1987},
 volume = {21},
 number = {4},
 month = aug,
 year = {1987},
 issn = {0097-8930},
 pages = {163--169},
 numpages = {7},
 url = {http://doi.acm.org/10.1145/37402.37422},
 doi = {10.1145/37402.37422},
 acmid = {37422},
 publisher = {ACM},
 address = {New York, NY, USA},
} 

@book{Ma2005,
author = {Ma, Yi and Soatto, Stefano and Kosecka, Jana and Sastry, S. Shankar},
title = {{An Invitation to 3-D Vision: From Images to Geometric Models}},
year = {2005},
publisher={Springer}
}

@inproceedings{Seitz2006,
 author = {Seitz, Steven M. and Curless, Brian and Diebel, James and Scharstein, Daniel and Szeliski, Richard},
 title = {{A Comparison and Evaluation of Multi-View Stereo Reconstruction Algorithms}},
 booktitle = {Proceedings of the 2006 IEEE Computer Society Conference on Computer Vision and Pattern Recognition - Volume 1},
 series = {CVPR '06},
 year = {2006},
 isbn = {0-7695-2597-0},
 pages = {519--528},
 numpages = {10},
 url = {http://dx.doi.org/10.1109/CVPR.2006.19},
 doi = {10.1109/CVPR.2006.19},
 acmid = {1153518},
 publisher = {IEEE Computer Society},
 address = {Washington, DC, USA},
} 

@article{Zach2008,
author = {Zach, Christopher},
title = {{Fast and High Quality Fusion of Depth Maps}},
year = {2008},
journal = {2008 IEEE 12th International Conference on Computer Vision}
}

@article{Zach2007,
author = {Zach, Christopher and Pock, Thomas and Bischof, Horst},
journal = {2007 IEEE 11th International Conference on Computer Vision},
pages = {1--8},
publisher = {Ieee},
title = {{A Globally Optimal Algorithm for Robust TV-L1 Range Image Integration}},
year = {2007}
}

@article{Klein2007,
author = {Klein, Georg and Murray, David},
journal = {6th IEEE and ACM International Symposium on Mixed and Augmented Reality},
month = nov,
pages = {1--10},
publisher = {Ieee},
title = {{Parallel Tracking and Mapping for Small AR Workspaces}},
url = {http://ieeexplore.ieee.org/lpdocs/epic03/wrapper.htm?arnumber=4538852},
year = {2007}
}

@inproceedings{Klein2008,
  author =	 {Georg Klein and David Murray},
  title =	 {{Improving the Agility of Keyframe-Based {SLAM}}},
  booktitle =	 {Proc. 10th European Conference on Computer Vision
                  (ECCV'08)},
  year =	 {2008},
  pages =	 {802-815},
  month =	 {October},
  address =	 {Marseille}
}

@misc{NCYoutube,
  author = {Richard A. Newcombe},
  title = {{DTAM: Dense Tracking and Mapping in Real-Time}},
  howpublished = "{\url{http://youtu.be/Df9WhgibCQA}}",
  year = {2011}, 
  note = "[Online; accessed 02/14/2014]"
}

@misc{Ptam2013,
  author = {Robert Castle},
  title = {{PTAM on GitHub}},
  howpublished = "{\url{http://ewokrampage.wordpress.com/2013/11/18/ptam-on-github/}}",
  year = {2013}, 
  note = "[Online; accessed 11/26/2013]"
}

@misc{web:StanSpheGa,
  author = {Marc Levoy},
  title = {{Stanford Spherical Gantry}},
  howpublished = "{\url{http://graphics.stanford.edu/projects/gantry/}}",
  year = {2002}, 
  note = "[Online; accessed 10/25/2014]"
}

@misc{web:Voodoo,
  author = {{VISCODA GmbH}},
  title = {{Voodoo Camera Tracker}},
  howpublished = {\url{http://www.viscoda.com/index.php/en/products/non-commercial/voodoo-camera-tracker}},
  year = {2012}, 
  note = {[Online; accessed 10/25/2014]}
}


@misc{web:compubench,
  author = {{Kishonti Ltd.}},
  title = {{CompuBench CL for OpenCL}},
  howpublished = "{\url{http://compubench.com/result.jsp}}",
  year = {2014}, 
  note = {[Online; accessed 10/31/2014]}
}

@misc{web:keenan,
  author = {Keenan Crane},
  title = {{Keenan's 3D Model Repository}},
  howpublished = {\url{http://www.cs.columbia.edu/~keenan/Projects/ModelRepository/}},
  year = {2014}, 
  note = "[Online; accessed 10/31/2014]"
}



@misc{web:MidMuVi,
  author = {Steve Seitz and Brian Curless and James Diebel and Daniel Scharstein and Richard Szeliski},
  title = {{Multi-View Stereo Datasets}},
  howpublished = "{\url{http://vision.middlebury.edu/mview/data/}}",
  year = {2006}, 
  note = "[Online; accessed 10/25/2014]"
}

@incollection{Rosten2006,
  title={{Machine learning for high-speed corner detection}},
  author={Rosten, Edward and Drummond, Tom},
  booktitle={Computer Vision--ECCV 2006},
  pages={430--443},
  year={2006},
  publisher={Springer}
}

@unpublished{Hartley2013,
author = {Hartley, Richard},
title = {{Projective Reconstruction}},
note = {Unpublished book excerpt},
year = {2013}
}

@phdthesis{Pollefeys1999,
author = {Pollefeys, Marc},
booktitle = {status: published},
isbn = {9056821938},
mendeley-groups = {Master Projekt/interesting approaches/important/dense},
title = {{Self-calibration and metric 3D reconstruction from uncalibrated image sequences}},
url = {https://lirias.kuleuven.be/handle/123456789/174055},
school={Katholieke Universiteit Leuven},
year={1999}
}

@article{Newcombe2010,
author = {Newcombe, Richard A. and Davison, Andrew J.},
doi = {10.1109/CVPR.2010.5539794},
file = {:C$\backslash$:/Users/Marku\_000/Desktop/Master Projekt/Newcombe, Davison - 2010 - Live dense reconstruction with a single moving camera.pdf:pdf},
isbn = {978-1-4244-6984-0},
journal = {2010 IEEE Computer Society Conference on Computer Vision and Pattern Recognition},
mendeley-groups = {Master Projekt/interesting approaches/important/dense,Master Projekt/interesting approaches/important/dense/Newcombe,Master Projekt/interesting approaches/important/dense/realtime},
month = jun,
pages = {1498--1505},
publisher = {Ieee},
title = {{Live dense reconstruction with a single moving camera}},
url = {http://ieeexplore.ieee.org/lpdocs/epic03/wrapper.htm?arnumber=5539794},
year = {2010}
}

@Article{Denker2011,
author  = {Klaus Denker and Burkhard Lehner and Georg Umlauf},
title   = {{Real-time triangulation of point streams}},
journal = {Engineering with Computers},
year    = 2011,
volume  = 27,
pages   = {67-80}
}

@Article{Paris2009,
author  = {S. Paris and P. Kornprobst and J. Tumblin and F. Durand},
title   = {{Bilateral Filtering: Theory and Applications}},
journal = {{Foundations and Trends in Computer Graphics and Vision}},
year    = 2009,
volume  = 4,
pages   = {1-73}
}

@inproceedings{tomasi1998,
  title={{Bilateral filtering for gray and color images}},
  author={Tomasi, Carlo and Manduchi, Roberto},
  booktitle={Computer Vision, 1998. Sixth International Conference on},
  pages={839--846},
  year={1998},
  organization={IEEE}
}


@article{Newcombe2011,
author = {Newcombe, Richard A. and Lovegrove, Steven J. and Davison, Andrew J.},
journal = {2011 International Conference on Computer Vision},
month = nov,
pages = {2320--2327},
publisher = {Ieee},
title = {{DTAM: Dense tracking and mapping in real-time}},
url = {http://ieeexplore.ieee.org/lpdocs/epic03/wrapper.htm?arnumber=6126513},
year = {2011}
}


@article{Ohtake2003,
author = {Ohtake, Y. and Belyaev, a. and Seidel, H.P.},
doi = {10.1109/SMI.2003.1199611},
file = {:C$\backslash$:/Users/Marku\_000/Desktop/Master Projekt/Ohtake, Belyaev, Seidel - Unknown - A multi-scale approach to 3D scattered data interpolation with compactly supported basis functions.pdf:pdf},
isbn = {0-7695-1909-1},
journal = {2003 Shape Modeling International.},
mendeley-groups = {Master Projekt/interesting approaches/building blocks/data interpolation},
pages = {153--161},
publisher = {IEEE Comput. Soc},
title = {{A multi-scale approach to 3D scattered data interpolation with compactly supported basis functions}},
url = {http://ieeexplore.ieee.org/lpdocs/epic03/wrapper.htm?arnumber=1199611},
year = {2003}
}

@article{BIoomenthal94,
author = {BIoomenthal, J},
file = {:C$\backslash$:/Users/Marku\_000/Desktop/Master Projekt/Bloomenthal - Unknown - An Implicit Surface Polygonizer Jules.pdf:pdf},
journal = {Graphic Gems},
mendeley-groups = {Master Projekt/interesting approaches/building blocks/polygonization},
title = {{An implicit surface polygonizer. Ih}},
url = {http://scholar.google.com/scholar?hl=en\&btnG=Search\&q=intitle:An+Implicit+Surface+Polygonizer\#5},
year = {1994}
}

@article{Dame2013,
annote = {Uses DTAM for depthmap generation},
author = {Dame, Amaury and Prisacariu, Victor a. and Ren, Carl Y. and Reid, Ian},
journal = {2013 IEEE Conference on Computer Vision and Pattern Recognition},
month = jun,
pages = {1288--1295},
publisher = {Ieee},
title = {{Dense Reconstruction Using 3D Object Shape Priors}},
year = {2013}
}

@article{Stuehmer2010,
author = {Stühmer, Jan and Gumhold, Stefan and Cremers, Daniel},
journal = {Pattern Recognition},
pages = {11--20},
title = {{Real-time dense geometry from a handheld camera}},
url = {http://link.springer.com/chapter/10.1007/978-3-642-15986-2\_2},
year = {2010}
}

@article{Graber2011,
author = {Graber, Gottfried and Pock, Thomas and Bischof, Horst},
doi = {10.1109/ICCVW.2011.6130318},
isbn = {978-1-4673-0063-6},
journal = {2011 IEEE International Conference on Computer Vision Workshops (ICCV Workshops)},
month = nov,
pages = {708--711},
publisher = {Ieee},
title = {{Online 3D reconstruction using convex optimization}},
url = {http://ieeexplore.ieee.org/lpdocs/epic03/wrapper.htm?arnumber=6130318},
year = {2011}
}

@incollection{Wedel2009,
year={2009},
isbn={978-3-642-03060-4},
booktitle={Statistical and Geometrical Approaches to Visual Motion Analysis},
volume={5604},
series={Lecture Notes in Computer Science},
editor={Cremers, Daniel and Rosenhahn, Bodo and Yuille, AlanL. and Schmidt, FrankR.},
doi={10.1007/978-3-642-03061-1_2},
title={{An Improved Algorithm for TV-L
              1 Optical Flow}},
url={http://dx.doi.org/10.1007/978-3-642-03061-1_2},
publisher={Springer Berlin Heidelberg},
author={Wedel, Andreas and Pock, Thomas and Zach, Christopher and Bischof, Horst and Cremers, Daniel},
pages={23-45}
}

@inproceedings{Harris88,
  added-at = {2009-06-09T19:58:38.000+0200},
  author = {Harris, C. and Stephens, M.},
  biburl = {http://www.bibsonomy.org/bibtex/22d2048f92453ed8d1426782cfe774b62/zap},
  booktitle = {Proceedings of the 4th Alvey Vision Conference},
  description = {MAPS citations},
  interhash = {69457ee9c61699b5153f9481a6c7f4bb},
  intrahash = {2d2048f92453ed8d1426782cfe774b62},
  keywords = {imported visual-interest-points},
  pages = {147--151},
  timestamp = {2009-06-09T19:58:38.000+0200},
  title = {{A Combined Corner and Edge Detector}},
  year = 1988
}

@Book{Hartley2004, 
    author = "Hartley, R.I. and Zisserman, A.",
    title = {{Multiple View Geometry in Computer Vision}},
    edition = "Second",
    year = "2004",
    publisher = "Cambridge University Press, ISBN: 0521540518"
}

@article{Fischler81,
  added-at = {2011-06-07T00:00:00.000+0200},
  author = {Fischler, Martin A. and Bolles, Robert C.},
  biburl = {http://www.bibsonomy.org/bibtex/2e294594eecd6b4413c067f20a6dc500f/dblp},
  ee = {http://doi.acm.org/10.1145/358669.358692},
  interhash = {8a99a961293d8dfe59a1f0838d77a24a},
  intrahash = {e294594eecd6b4413c067f20a6dc500f},
  journal = {Commun. ACM},
  keywords = {dblp},
  number = 6,
  pages = {381-395},
  timestamp = {2011-06-07T00:00:00.000+0200},
  title = {{Random Sample Consensus: A Paradigm for Model Fitting with Applications to Image Analysis and Automated Cartography.}},
  url = {http://dblp.uni-trier.de/db/journals/cacm/cacm24.html#FischlerB81},
  volume = 24,
  year = 1981
}

@misc{ mediancode,
   author = {Vadim Kartoshkin},
   title = {{Median Filter}},
   year = {2014},
   howpublished = {\url{https://software.intel.com/en-us/articles/median-filter}},
   publisher = {Intel Corporation},
   note = "[Online; accessed 11/11/2014]"
}

@misc{ clpp,
   author = {{The clpp Project Team}},
   title = {{clpp - OpenCL Data Parallel Primitives Library}},
   year = {2012},
   howpublished = {\url{https://code.google.com/p/clpp/}}, 
   note = "[Online; accessed 11/11/2014]"  
}

@misc{ libcl,
   author = {{Geist Software Labs}},
   title = {{libCL}},
   year = {2012},
   howpublished = {\url{http://www.libcl.org/index.html}}, 
   note = "[Online; accessed 11/11/2014]"  
}

@misc{ stdmap,
   author = {{The cppreference.com Team}},
   title = {{std:map}},
   year = {2014},
   howpublished = {\url{http://en.cppreference.com/w/cpp/container/map}}, 
   note = "[Online; accessed 11/17/2014]"  
}

@book{Deza2009,
  added-at = {2009-09-18T15:57:19.000+0200},
  author = {Deza, Michel Marie and Deza, Elena},
  biburl = {http://www.bibsonomy.org/bibtex/241501972194d7286512e92404d88e3b5/janlo},
  doi = {10.1007/978-3-642-00234-2_1},
  interhash = {87f6d8315e671281f078014cb36e2e3a},
  intrahash = {41501972194d7286512e92404d88e3b5},
  jlprojects = {bounded_confidence},  
  publisher = {Springer Berlin Heidelberg},
  timestamp = {2009-09-18T15:57:19.000+0200},
  title = {{Encyclopedia of Distances}},
  year = 2009
}


@article{ redblack,
year={1972},
issn={0001-5903},
journal={Acta Informatica},
volume={1},
number={4},
doi={10.1007/BF00289509},
title={{Symmetric binary B-Trees: Data structure and maintenance algorithms}},
url={http://dx.doi.org/10.1007/BF00289509},
publisher={Springer-Verlag},
author={Bayer, Rudolf},
pages={290-306},
language={English}
}


@phdthesis{ alcantara2011,

  type = {Dissertation},
  title = {{Efficient Hash Tables on the GPU}},
  author = {Dan Anthony Feliciano Alcantara},
  school = {University of California, Davis},
  year = {2011},
} 

@article{Chen2013a,
 author = {Chen, Jiawen and Bautembach, Dennis and Izadi, Shahram},
 title = {{Scalable Real-time Volumetric Surface Reconstruction}},
 journal = {ACM Trans. Graph.},
 issue_date = {July 2013},
 volume = {32},
 number = {4},
 month = jul,
 year = {2013},
 issn = {0730-0301},
 pages = {113:1--113:16},
 articleno = {113},
 numpages = {16},
 url = {http://doi.acm.org/10.1145/2461912.2461940},
 doi = {10.1145/2461912.2461940},
 acmid = {2461940},
 publisher = {ACM},
 address = {New York, NY, USA},
 keywords = {GPU, hierarchical grid, kinect, real-time, scalability, streaming, volumetric surface reconstruction},
} 

@book{imfun2010,
  added-at = {2011-04-08T00:00:00.000+0200},
  author = {Petrou, Maria and Bosdogianni, Panagiota},
  publisher = {Wiley},
  title = {{Image Processing: The Fundamentals}},
  year = 2010,
  edition = 2
}

@techreport{rensselaer1980,
  title={{Octree Encoding: a New Technique for the Representation, Manipulation and Display of Arbitrary 3-D Objects by Computer}},
  author={D.J.R. Meagher},
  year={1980},
  institution={{Rensselaer Polytechnic Institute. Image Processing Laboratory}}
}

@inproceedings{Steinbruecker13,
  author = {F. Steinbruecker and C. Kerl and J. Sturm and D. Cremers},
  title = {{Large-Scale Multi-Resolution Surface Reconstruction from RGB-D Sequences}},
  year = {2013},
  address = {Sydney, Australia},
  titleurl = {steinbruecker_etal_iccv2013.pdf},
  topic = {3D Reconstruction},
  keywords =  {RGB-D,Fusion,3d-reconstruction}
}

@article{akio1991,
  title={{An efficient method of triangulating equi-valued surfaces by using tetrahedral cells}},
  author={Akio, Doi and Koide, Akio},
  journal={IEICE TRANSACTIONS on Information and Systems},
  volume={74},
  number={1},
  pages={214--224},
  year={1991},
  publisher={The Institute of Electronics, Information and Communication Engineers}
}

@inproceedings{fuhrmann2011,
  title={{Fusion of depth maps with multiple scales}},
  author={Fuhrmann, Simon and Goesele, Michael},
  booktitle={ACM Transactions on Graphics (TOG)},
  volume={30},
  number={6},
  pages={148},
  year={2011},
  organization={ACM}
}


@misc{ objloader,
   author = {{dhpoware}},
   title = {{OpenGL OBJ Viewer Demo}},
   year = {2010},
   howpublished = {\url{http://www.dhpoware.com/demos/glObjViewer.html}},   
   note = "[Online; accessed 11/11/2014]"
}

@misc{ tinyxml,
   author = {{L. Thomason}},
   title = {{TinyXML-2}},
   year = {2014},
   howpublished = {\url{http://www.grinninglizard.com/tinyxml2/}},
   note = "[Online; accessed 11/11/2014]"   
}

@misc{ opencl11spec,
   author = {Aaftab Munshi},
   title = {{The OpenCL Specification Version: 1.1}},
   year = {2011},
   howpublished = {\url{https://www.khronos.org/registry/cl/specs/opencl-1.1.pdf}},
   publisher = {Khronos OpenCL Working Group},
   note = "[Online; accessed 28/06/2018]"
}

@inproceedings{fang2011,
  title={{A comprehensive performance comparison of CUDA and OpenCL}},
  author={Fang, Jianbin and Varbanescu, Ana Lucia and Sips, Henk},
  booktitle={Parallel Processing (ICPP), 2011 International Conference on},
  pages={216--225},
  year={2011},
  organization={IEEE}
}

@misc{ openclglobsynch,
   author={Anonymous},
   type = {Blog},
   publisher = {Industry Best Practice Blog},
   title = {{Global synchronisation in OpenCL}},
   year = {2012},
   howpublished = {\url{http://industrybestpractice.blogspot.de/2012/07/global-synchronisation-in-opencl.html}},
   note = {[Online; accessed 11/9/2014]}
}

@article{stuart2011,
  title={{Efficient synchronization primitives for GPUs}},
  author={Stuart, Jeff A and Owens, John D},
  journal={arXiv preprint arXiv:1110.4623},
  year={2011}
}

@misc{opencvtvl1,
   author = {{The OpenCV Project Team}},
   title = {{Primal-Dual Algorithm}},
   year = {2013},
   howpublished = {\url{http://docs.opencv.org/trunk/modules/optim/doc/primal_dual_algorithm.html}},
   note = "[Online; accessed 11/10/2014]"
}

@misc{opencv,
   author = {{The OpenCV Project Team}},
   title = {{OpenCV}},
   year = {2014},
   howpublished = {\url{http://opencv.org/}},
   note = "[Online; accessed 28/06/2018]"
}

@misc{gegl,
   author = {{The GEGL Project Team}},
   title = {{GEGL (Generic Graphics Library)}},
   year = {2012},
   howpublished = {\url{http://www.gegl.org/}},
   note = "[Online; accessed 11/10/2014]"
}

@misc{mordvintsev2013,
   author = {Alexander Mordvintsev},
   title = {{ROF and TV-L1 denoising with Primal-Dual algorithm}},
   year = {2012},
   howpublished = {\url{http://znah.net/rof-and-tv-l1-denoising-with-primal-dual-algorithm.html}},
   note = "[Online; accessed 11/10/2014]"
}

@misc{ wiki:funda,
   author = {Wikipedia},
   title = {{Epipolargeometrie}},
   year = {2013},
   url = {\url{http://de.wikipedia.org/wiki/Epipolargeometrie}},
   note = "[Online; accessed 1/15/2014]"
}

@misc{ wiki:lum,
   author = {Michael Stokes and Matthew Anderson and Srinivasan Chandrasekar and Ricardo Motta},
   title = {{A Standard Default Color Space for the Internet - sRGB}},
   year = {1996},
   url = {\url{http://www.w3.org/Graphics/Color/sRGB}},
   note = "[Online; accessed 11/9/2014]"
}

@article{chambolle2010,
  title={{An introduction to total variation for image analysis}},
  author={Chambolle, Antonin and Caselles, Vicent and Cremers, Daniel and Novaga, Matteo and Pock, Thomas},
  journal={Theoretical foundations and numerical methods for sparse recovery},
  volume={9},
  pages={263--340},
  year={2010},
  publisher={Walter de Gruyter}
}

@misc{ web:processing,
   author = {Ben Fry, Casey Reas},
   publisher = {Processing Foundation},
   
   title = {{Processing}},
   year = {2014},
   howpublished = {\url{https://www.processing.org/}},
   url = {{\url{https://www.processing.org/}}},
   note = {[Online; accessed 10/22/2014]}
}



@misc{ wiki:opencl,
   author = {Wikipedia},
   title = {{OpenCL}},
   year = {2013},
   url = {{\url{http://de.wikipedia.org/wiki/OpenCL}}},
   note = {[Online; accessed 10/10/2014]}
}

@book{openclguide,
    author = {Munshi, Aaftab and Gaster, Benedict and Mattson, Timothy G. and Fung, James and Ginsburg, Dan},
    edition = {1},
    month = jul,
    publisher = {Addison-Wesley Professional},
    title = {{OpenCL Programming Guide}},
    year = {2011}
}


@misc{ web:openclexec,
   author = {{Intel Coorporation}}, 
   title = {{Intel SDK for OpenCL Applications XE 2013 Beta - Optimization Guide}},
   year = {2011},
   howpublished = {{\url{https://software.intel.com/sites/landingpage/ioclsdk/2013XE/OG/Basic_Concepts.htm}}},
   note = {[Online; accessed 10/10/2014]}
}

@misc{ web:leica,
   author = {{Leica Geosystems}}, 
   title = {{HDS - 3D Laserscanning}},
   year = {2014},
   howpublished = {{\url{http://www.leica-geosystems.de/de/HDS-3D-Laserscanning_23593.htm}}},
   note = {[Online; accessed 11/11/2014]}
}

@misc{ web:qt,
   author = {{The Qt Project Team}}, 
   title = {{Qt Project}},
   year = {2014},
   howpublished = {{\url{http://qt-project.org/}}},
   note = {[Online; accessed 11/11/2014]}
}

@misc{ web:openclmem,
   author = {Rob Farber},
   title = {{Part 2: OpenCL Memory Spaces}},
   year = {2010},
   howpublished = {\url{http://www.codeproject.com/Articles/122405/Part-OpenCL-Memory-Spaces}},
   note = {[Online; accessed 10/10/2014]}
}

@inproceedings{Tanskanen2013, 
author={Tanskanen, P. and Kolev, K. and Meier, L. and Camposeco, F. and Saurer, O. and Pollefeys, M.}, 
booktitle={Computer Vision (ICCV), 2013 IEEE International Conference on}, 
title={{Live Metric 3D Reconstruction on Mobile Phones}}, 
year={2013}, 
month={Dec}, 
pages={65-72}, 
keywords={cloud computing;image matching;image reconstruction;mobile handsets;stereo image processing;absolute scale on-site;capture time;cloud-based mobile reconstruction services;completeness criteria;dense 3D model generation;dense stereo matching;depth variability;indoor scene;interactive speed;live metric 3D reconstruction;mapping process;mobile monocular handheld devices;mobile phones;on-device 3D reconstruction pipeline;on-device inertial sensor usability;outdoor scene;processing time reduction;quality criteria;real-time interactive feedback;tracking process;Accelerometers;Cameras;Estimation;Sensors;Three-dimensional displays;Tracking;Visualization}, 
doi={10.1109/ICCV.2013.15}, 
ISSN={1550-5499},}

@inproceedings{Kolev2014, 
author={Kolev, K. and Tanskanen, P. and Speciale, P. and Pollefeys, M.}, 
booktitle={Computer Vision and Pattern Recognition (CVPR), 2014 IEEE Conference on}, 
title={{Turning Mobile Phones into 3D Scanners}}, 
year={2014}, 
month={June}, 
pages={3946-3953}, 
keywords={image fusion;image scanners;inference mechanisms;interactive systems;smart phones;solid modelling;stereo image processing;3D scanner;confidence inference;confidence score;confidence-based weight assignment;depth estimation;depth map;fusion scheme;interactive potential;live 3D reconstruction;local geometry orientation evaluation;mobile device;mobile phone;monocular interactive 3D modeling;multiple stereo-based depth measurement integration;Accuracy;Cameras;Mobile handsets;Solid modeling;Three-dimensional displays;Vectors;Weight measurement}, 
doi={10.1109/CVPR.2014.504},}

@misc{ web:openclfastfilter,
   author = {Khairi Reda},
   title = {{A study of OpenCL image convolution optimization}},
   year = {2012},
   howpublished = {\url{http://www.evl.uic.edu/kreda/gpu/image-convolution/}},
   note = {[Online; accessed 11/10/2014]}
}
 
 @article{LonguetHiggins81,
    author = {Longuet},
    citeulike-article-id = {965015},
    journal = {Nature},
    keywords = {mosaic},
    month = sep,
    pages = {133--135},
    posted-at = {2006-11-28 07:40:36},
    priority = {0},
    title = {{A computer algorithm for reconstructing a scene from two projections}},
    type = {Mosaic},
    volume = {293},
    year = {1981}
}

@article{Hartley1997,
 author = {Hartley, Richard I.},
 title = {{In Defense of the Eight-Point Algorithm}},
 journal = {IEEE Trans. Pattern Anal. Mach. Intell.},
 issue_date = {June 1997},
 volume = {19},
 number = {6},
 month = jun,
 year = {1997},
 issn = {0162-8828},
 pages = {580--593},
 numpages = {14},
 url = {http://dx.doi.org/10.1109/34.601246},
 doi = {10.1109/34.601246},
 acmid = {262634},
 publisher = {IEEE Computer Society},
 address = {Washington, DC, USA},
 keywords = {Fundamental matrix, eight-point algorithm, condition number, epipolar structure, stereo vision.},
} 

@article{levenberg44,
    author = {Levenberg, Kenneth},
    citeulike-article-id = {10796881},
    journal = {Quarterly Journal of Applied Mathmatics},
    keywords = {indefinite, nonconvex, optimization},
    number = {2},
    pages = {164--168},
    posted-at = {2012-06-17 09:00:21},
    priority = {2},
    title = {{A method for the solution of certain non-linear problems in least squares}},
    volume = {II},
    year = {1944}
}

@article{Tomasi92,
 author = {Tomasi, Carlo and Kanade, Takeo},
 title = {{Shape and Motion from Image Streams Under Orthography: A Factorization Method}},
 journal = {Int. J. Comput. Vision},
 issue_date = {Nov. 1992},
 volume = {9},
 number = {2},
 month = nov,
 year = {1992},
 issn = {0920-5691},
 pages = {137--154},
 numpages = {18},
 url = {http://dx.doi.org/10.1007/BF00129684},
 doi = {10.1007/BF00129684},
 acmid = {144403},
 publisher = {Kluwer Academic Publishers},
 address = {Hingham, MA, USA},
} 

@inproceedings{Sturm96,
 author = {Sturm, Peter F. and Triggs, Bill},
 title = {{A Factorization Based Algorithm for Multi-Image Projective Structure and Motion}},
 booktitle = {Proceedings of the 4th European Conference on Computer Vision-Volume II - Volume II},
 series = {ECCV '96},
 year = {1996},
 isbn = {3-540-61123-1},
 pages = {709--720},
 numpages = {12},
 url = {http://dl.acm.org/citation.cfm?id=645310.649025},
 acmid = {649025},
 publisher = {Springer-Verlag},
 address = {London, UK, UK},
} 

@article{Mouragnon2009,
title = {{Generic and real-time structure from motion using local bundle adjustment}},
journal = "Image and Vision Computing ",
volume = "27",
number = "8",
pages = "1178 - 1193",
year = "2009",
issn = "0262-8856",
doi = "http://dx.doi.org/10.1016/j.imavis.2008.11.006",
url = "http://www.sciencedirect.com/science/article/pii/S0262885608002436",
author = "E. Mouragnon and M. Lhuillier and M. Dhome and F. Dekeyser and P. Sayd",
keywords = "Structure from motion"


}

@incollection{Triggs2000,
year={2000},
isbn={978-3-540-67973-8},
booktitle={Vision Algorithms: Theory and Practice},
volume={1883},
series={Lecture Notes in Computer Science},
editor={Triggs, Bill and Zisserman, Andrew and Szeliski, Richard},
doi={10.1007/3-540-44480-7_21},
title={{Bundle Adjustment ï¿½ A Modern Synthesis}},
url={http://dx.doi.org/10.1007/3-540-44480-7_21},
publisher={Springer Berlin Heidelberg},
keywords={Bundle Adjustment; Scene Reconstruction; Gauge Freedom; Sparse Matrices; Optimization},
author={Triggs, Bill and McLauchlan, PhilipF. and Hartley, RichardI. and Fitzgibbon, AndrewW.},
pages={298-372},
language={English}
}

@inproceedings{Wu2011, 
author={Changchang Wu and Agarwal, S. and Curless, B. and Seitz, S.M.}, 
booktitle={Computer Vision and Pattern Recognition (CVPR), 2011 IEEE Conference on}, 
title={{Multicore bundle adjustment}}, 
year={2011}, 
pages={3057-3064}, 
keywords={computer graphic equipment;computer vision;coprocessors;image reconstruction;multiprocessing systems;natural scenes;3D scene reconstruction;GPU;bundle adjustment algorithm;inexact Newton algorithm;multicore CPU;space efficient algorithms;Cameras;Graphics processing unit;Instruction sets;Jacobian matrices;Multicore processing;Random access memory;Sparse matrices}, 
doi={10.1109/CVPR.2011.5995552}, 
ISSN={1063-6919},}

@misc{Wu2013,
  author = {Changchang Wu},
  title = {{Multicore Bundle Adjustment for GPU and CPU}},
  howpublished = "{\url{http://grail.cs.washington.edu/projects/mcba/}}",
  year = {2013}, 
  note = "[Online; accessed 11/26/2013]"
}

@incollection{Fitzgibbon98,
year={1998},
isbn={978-3-540-64569-6},
booktitle={Computer Vision ï¿½ ECCV'98},
volume={1406},
series={Lecture Notes in Computer Science},
editor={Burkhardt, Hans and Neumann, Bernd},
doi={10.1007/BFb0055675},
title={{Automatic camera recovery for closed or open image sequences}},
url={http://dx.doi.org/10.1007/BFb0055675},
publisher={Springer Berlin Heidelberg},
author={Fitzgibbon, AndrewW. and Zisserman, Andrew},
pages={311-326}
}

@misc{Euclid2013,
   author = {"WordNet 3.0, Farlex clipart collection"},
   title = {{Euclid's axiom}},
   year = {"2013"},
   url = "{\url{http://www.thefreedictionary.com/Euclid's+axiom}}"},
   note = {"[Online; accessed 1/19/2013]"}
}

@misc{ wiki:eucspace,
   author = {"Wikipedia"},
   title = {{Euklidischer Raum}},
   year = {"2013"},
   url = {"{\url{https://de.wikipedia.org/wiki/Euklidischer_Raum}}"},
   note = {"[Online; accessed 1/15/2013]"}
}

@misc{ wiki:eucgeo,
   author = {"Wikipedia"},
   title = {{Euclidean Geometry}},
   year = {"2013"},
   url = {"{\url{https://en.wikipedia.org/wiki/Euclidean_geometry}}"},
   note = {"[Online; accessed 1/15/2013]"}
}

@misc{ wiki:affinetrans,
   author = {"Wikipedia"},
   title = {{Affine Transformation}},
   year = {"2013"},
   url = {"{\url{https://en.wikipedia.org/wiki/Affine_transformation}}"},
   note = {"[Online; accessed 1/15/2013]"}
}

@misc{ wiki:projspace,
   author = {"Wikipedia"},
   title = {{Projective Space}},
   year = {"2013"},
   url = {"{\url{https://en.wikipedia.org/wiki/Projective_space#Projective_space_and_affine_space}}"},
   note = {"[Online; accessed 1/15/2013]"}
}

@misc{Wolters2013,
   author = {"Wolters, H. J."},
   title = {{Affine and Projective Geometries. A Tutorial}},
   year = {"2013"},
   url = {"{\url{http://newton.uam.mx/xgeorge/graficacionII/fundamental%20matrix%20sources/Affine_Projective_Geometry_Tutorial.pdf}}"},
   note = {"[Online; accessed 1/19/2013]"}
}

@misc{ wiki:transmat,
   author = {"Wikipedia"},
   title = {{Transformation Matrix}},
   year = {"2013"},
   url = {"{\url{http://en.wikipedia.org/wiki/Transformation_matrix#Affine_transformations}}"},
   note = {"[Online; accessed 1/15/2013]"}
}

@article{Arulampalam2002,
author = {Arulampalam, M.S. and Maskell, S. and Gordon, N. and Clapp, T.},
journal = {IEEE Transactions on Signal Processing},
number = {2},
pages = {174--188},
title = {{A tutorial on particle filters for online nonlinear/non-Gaussian Bayesian tracking}},
volume = {50},
year = {2002}
}

@article{Kalman60,
  added-at = {2012-08-08T15:25:16.000+0200},
  author = {Kalman, Rudolph Emil},
  description = {diverse cognitive systems bib},
  interhash = {46000cea585242435901ab4a9f5738b5},
  intrahash = {cc4a4ab17dd5180d63412808c7cb684d},
  journal = {Transactions of the ASME-Journal of Basic Engineering},
  keywords = {tracking},
  number = {Series D},
  pages = {35-45},
  timestamp = {2012-08-08T15:25:16.000+0200},
  title = {{A New Approach to Linear Filtering and Prediction Problems}},
  volume = 82,
  year = 1960
}

@article{Clipp2007,
author = {Clipp, Brian and Welch, Gregory and Frahm, JM and Pollefeys, Marc},
journal = {BMVC},
title = {{Structure from Motion via Two-State Pipeline of Extended Kalman Filters.}},
year = {2007}
}

@article{Pupilli2005,
annote = {eher so richtung camera tracking},
author = {Pupilli, M. L. and Calway, a. D.},
doi = {10.5244/C.19.50},
journal = {Procedings of the British Machine Vision Conference 2005},
mendeley-groups = {Master Projekt/structure from motion/new,Master Projekt/interesting approaches/important/bayesian,Master Projekt/interesting approaches/important/bayesian/particle},
pages = {50.1--50.10},
publisher = {British Machine Vision Association},
title = {{Real-Time Camera Tracking Using a Particle Filter}},
year = {2005}
}

@inproceedings{Cornells2005, 
author={Cornells, N. and Van Gool, L.}, 
booktitle={Computer Vision and Pattern Recognition, 2005. CVPR 2005. IEEE Computer Society Conference on}, 
title={{Real-time connectivity constrained depth map computation using programmable graphics hardware}}, 
year={2005}, 
volume={1}, 
pages={1099-1104 vol. 1}, 
keywords={image reconstruction;parallel architectures;real-time systems;3D structures;highly parallelized architecture;pixel-based method;programmable 3D graphics hardware;real-time connectivity constrained depth map computation;Cameras;Computer architecture;Computer graphics;Frequency estimation;Hardware;Iterative algorithms;Moore's Law;Robustness;Software performance;Supercomputers}, 
doi={10.1109/CVPR.2005.291}, 
ISSN={1063-6919},}

@inproceedings{Collins96, 
author={Collins, R.T.}, 
booktitle={Computer Vision and Pattern Recognition, 1996. Proceedings CVPR '96, 1996 IEEE Computer Society Conference on}, 
title={{A space-sweep approach to true multi-image matching}}, 
year={1996}, 
pages={358-363}, 
keywords={computational complexity;feature extraction;image matching;3D positions;aerial image domain;feature correspondences;geometric relationships;linear algorithmic complexity;multiple images;multiple views;scene;space-sweep approach;true multi-image matching;Cameras;Computer science;Contracts;Image reconstruction;Layout;Lenses;Shape;Stereo image processing;Tracking;Uniform resource locators}, 
doi={10.1109/CVPR.1996.517097}, 
ISSN={1063-6919},}

@MastersThesis{Graber2011b,
    author={Gottfried Graber},
    title={{Realtime 3D Reconstruction}},
    school={Graz University of Technology},
    year={2011},
    }
    
@article{Rudin92,
 author = {Rudin, Leonid I. and Osher, Stanley and Fatemi, Emad},
 title = {{Nonlinear Total Variation Based Noise Removal Algorithms}},
 journal = {Phys. D},
 issue_date = {Nov. 1, 1992},
 volume = {60},
 number = {1-4},
 month = nov,
 year = {1992},
 issn = {0167-2789},
 pages = {259--268},
 numpages = {10},
 url = {http://dx.doi.org/10.1016/0167-2789(92)90242-F},
 doi = {10.1016/0167-2789(92)90242-F},
 acmid = {142312},
 publisher = {Elsevier Science Publishers B. V.},
 address = {Amsterdam, The Netherlands, The Netherlands},
} 

@inproceedings{Pock08,
    author = {Thomas Pock and Markus Unger and Daniel Cremers and Horst Bischof},
    title = {{Fast and exact solution of total variation models on the gpu}},
    booktitle = {In CVPR Workshop on Visual Computer Vision on GPUs},
    year = {2008}
}

@article{Nikolova04,
  added-at = {2010-02-26T00:00:00.000+0100},
  author = {Nikolova, Mila},
  biburl = {http://www.bibsonomy.org/bibtex/2a6806c1f605ec20b28aa7a3cb14104c7/dblp},
  date = {2010-02-26},
  description = {dblp},
  ee = {http://dx.doi.org/10.1023/B:JMIV.0000011326.88682.e5},
  interhash = {c77d5c75dacf67eae8b5eac902da7461},
  intrahash = {a6806c1f605ec20b28aa7a3cb14104c7},
  journal = {Journal of Mathematical Imaging and Vision},
  keywords = {dblp},
  number = {1-2},
  pages = {99-120},
  timestamp = {2010-02-26T00:00:00.000+0100},
  title = {{A Variational Approach to Remove Outliers and Impulse Noise.}},
  url = {http://dblp.uni-trier.de/db/journals/jmiv/jmiv20.html#Nikolova04a},
  volume = 20,
  year = 2004
}

@article{Chambolle2011,
year={2011},
issn={0924-9907},
journal={Journal of Mathematical Imaging and Vision},
volume={40},
number={1},
title={{A First-Order Primal-Dual Algorithm for Convex Problems with Applications to Imaging}},
publisher={Springer US},
keywords={Convex optimization; Dual approaches; Total variation; Inverse problems; Image; Reconstruction},
author={Chambolle, Antonin and Pock, Thomas},
pages={120-145},
language={English}
}

@article{Chambolle2004,
year={2004},
issn={0924-9907},
journal={Journal of Mathematical Imaging and Vision},
volume={20},
number={1-2},
doi={10.1023/B:JMIV.0000011325.36760.1e},
title={{An Algorithm for Total Variation Minimization and Applications}},
url={http://dx.doi.org/10.1023/B%3AJMIV.0000011325.36760.1e},
publisher={Kluwer Academic Publishers},
keywords={total variation; image reconstruction; denoising; zooming; mean curvature motion},
author={Chambolle, Antonin},
pages={89-97},
language={English}
}


@inproceedings{Gruber2010,
  author = {Gruber, Lukas and Gauglitz, Steffen and Ventura, Jonathan and Zollmann, Stefanie and Huber, Manuel and Schlegel, Michael and Klinker, Gudrun and Schmalstieg, Dieter and Hï¿½llerer, Tobias},
  booktitle = {ISMAR},
  ee = {http://dx.doi.org/10.1109/ISMAR.2010.5643564},
  interhash = {4432a080d8499b4c4b357d4946492b32},
  intrahash = {2d4f89821a3d4158a403a60b55db7170},
  keywords = {dblp},
  pages = {157-163},
  publisher = {IEEE},
  timestamp = {2011-06-13T00:00:00.000+0200},
  title = {{The City of Sights: Design, construction, and measurement of an Augmented Reality stage set.}},
  url = {http://dblp.uni-trier.de/db/conf/ismar/ismar2010.html#GruberGVZHSKSH10},
  year = 2010
}

@article{Stuehmer2012,
author = {Stï¿½hmer, Jan and Gumhold, Stefan and Cremers, Daniel},
journal = {Trends and Topics in Computer \ldots},
pages = {450--462},
title = {{Parallel generalized thresholding scheme for live dense geometry from a handheld camera}},
year = {2012}
}

@inproceedings{Steinbruecker2009, 
author={Steinbrï¿½cker, F. and Pock, T. and Cremers, D.}, 
booktitle={Computer Vision, 2009 IEEE 12th International Conference on}, 
title={{Large displacement optical flow computation withoutwarping}}, 
year={2009}, 
month={Sept}, 
pages={1609-1614}, 
doi={10.1109/ICCV.2009.5459364}, 
ISSN={1550-5499}
}

@article{Bredies2010,
  added-at = {2010-12-06T00:00:00.000+0100},
  author = {Bredies, Kristian and Kunisch, Karl and Pock, Thomas},
  biburl = {http://www.bibsonomy.org/bibtex/2dd02d72178cfae3338bf64e929291f10/dblp},
  ee = {http://dx.doi.org/10.1137/090769521},
  interhash = {a3c2afb1a6f2586a67836d015311e32f},
  intrahash = {dd02d72178cfae3338bf64e929291f10},
  journal = {SIAM J. Imaging Sciences},
  keywords = {dblp},
  number = 3,
  pages = {492-526},
  timestamp = {2010-12-06T00:00:00.000+0100},
  title = {{Total Generalized Variation.}},
  url = {http://dblp.uni-trier.de/db/journals/siamis/siamis3.html#BrediesKP10},
  volume = 3,
  year = 2010
}

@inproceedings{Kuschk2013,
  author = {G. Kuschk and D. Cremers},
  title = {{Fast and Accurate Large-scale Stereo Reconstruction using Variational Methods}},
  year = {2013},
  address = {Sydney, Australia},
  month = {December},
  titleurl = {kuschk-et-al-iccv2013.pdf},
  booktitle = {ICCV Workshop on Big Data in 3D Computer Vision},
  keywords  = {large scale, 3D stereo reconstruction, total variation}
}

@article{Bao2013,
author = {Bao, Sid Yingze and Chandraker, Manmohan and Lin, Yuanqing and Savarese, Silvio},
doi = {10.1109/CVPR.2013.167},
isbn = {978-0-7695-4989-7},
journal = {2013 IEEE Conference on Computer Vision and Pattern Recognition},
month = jun,
pages = {1264--1271},
publisher = {Ieee},
title = {{Dense Object Reconstruction with Semantic Priors}},
year = {2013}
}

@article{Lorensen87,
 author = {Lorensen, William E. and Cline, Harvey E.},
 title = {{Marching Cubes: A High Resolution 3D Surface Construction Algorithm}},
 journal = {SIGGRAPH Comput. Graph.},
 issue_date = {July 1987},
 volume = {21},
 number = {4},
 month = aug,
 year = {1987},
 issn = {0097-8930},
 pages = {163--169},
 numpages = {7},
 url = {http://doi.acm.org/10.1145/37402.37422},
 doi = {10.1145/37402.37422},
 acmid = {37422},
 publisher = {ACM},
 address = {New York, NY, USA},
} 

@inproceedings{Seitz97,
    author = {Steven M. Seitz and Charles R. Dyer},
    title = {{Photorealistic Scene Reconstruction by Voxel Coloring}},
    booktitle = {International Journal of Computer Vision},
    year = {1997},
    pages = {1067--1073}
}

@phdthesis{Brisc2008,
author = {Brisc, Felicia},
school = {Dublin City University},
title = {{Accelerated volumetric reconstruction from uncalibrated camera views}},
year = {2008}
}

@article{Kutulakos2000,
 author = {Kutulakos, Kiriakos N. and Seitz, Steven M.},
 title = {{A Theory of Shape by Space Carving}},
 journal = {Int. J. Comput. Vision},
 issue_date = {July-August 2000},
 volume = {38},
 number = {3},
 month = jul,
 year = {2000},
 issn = {0920-5691},
 pages = {199--218},
 numpages = {20},
 url = {http://dx.doi.org/10.1023/A:1008191222954},
 doi = {10.1023/A:1008191222954},
 acmid = {598449},
 publisher = {Kluwer Academic Publishers},
 address = {Hingham, MA, USA},
 keywords = {3D photography, metameric shapes, multi-view stereo, photorealistic reconstruction, scene modeling, shape-from-silhouettes, space carving, visual hull, volumetric shape representations, voxel coloring},
} 

@article {Chen2013b,
author = {Chen, Yadang and Hao, Chuanyan and Cai, Zhongmou and Wu, Wen and Wu, Enhua},
title = {{Live accurate and dense reconstruction from a handheld camera}},
journal = {Computer Animation and Virtual Worlds},
volume = {24},
number = {3-4},
issn = {1546-427X},
url = {http://dx.doi.org/10.1002/cav.1508},
doi = {10.1002/cav.1508},
pages = {387--397},
keywords = {3D reconstruction, real-time, handheld camera, depth maps, linear, error clouds optimization},
year = {2013},
}

@Misc{Stewenius2006,
    author = {Henrik Stewï¿½nius and Christopher Engels and David Nistï¿½r},
    title = {{Recent Developments on Direct Relative Orientation}},
    year = {2006}
}

@article{Agarwal2011,
title = {{Building Rome in a day}},
author  = {Sameer Agarwal and Yasutaka Furukawa and Noah Snavely and Ian Simon and Brian Curless and Steven M. Seitz and Rick Szeliski},
year  = 2011,
journal = {Communications of the ACM},
pages = {105--112},
volume  = {54}
}

@phdthesis{Snavely2009,
 author = {Snavely, Keith N.},
 advisor = {Seitz, Steve and Szeliski, Rick},
 title = {{Scene Reconstruction and Visualization from Internet Photo Collections}},
 year = {2009},
 school = {University of Washington},
 publisher = {University of Washington},
 address = {Seattle, WA, USA},
} 

@article{Pollefeys2008,
 author = {Pollefeys, M. and Nist{\'e}r, D. and Frahm, J. -M. and Akbarzadeh, A. and Mordohai, P. and Clipp, B. and Engels, C. and Gallup, D. and Kim, S. -J. and Merrell, P. and Salmi, C. and Sinha, S. and Talton, B. and Wang, L. and Yang, Q. and Stew{\'e}nius, H. and Yang, R. and Welch, G. and Towles, H.},
 title = {{Detailed Real-Time Urban 3D Reconstruction from Video}},
 journal = {Int. J. Comput. Vision},
 issue_date = {July      2008},
 volume = {78},
 number = {2-3},
 month = jul,
 year = {2008},
 issn = {0920-5691},
 pages = {143--167},
 numpages = {25},
 url = {http://dx.doi.org/10.1007/s11263-007-0086-4},
 doi = {10.1007/s11263-007-0086-4},
 acmid = {1355827},
 publisher = {Kluwer Academic Publishers},
 address = {Hingham, MA, USA},
 keywords = {3D reconstruction, Depth map fusion, Large scale modeling, Plane sweeping, Stereo vision, Structure from motion, Urban reconstruction},
} 

@book{Huber2011,
year={2011},
booktitle={International Encyclopedia of Statistical Science},
editor={Lovric, Miodrag},
title={{Robust Statistics}},
publisher={Springer Berlin Heidelberg},
author={Huber, Peter},
pages={1248-1251}
}

@misc{GeoMod2013,
  Author = {Umlauf, Georg},
  Institution = {Konstanz University of Applied Sciences},
  Howpublished = {University Lecture},
  Year = {2013},
  Title = {{Geometric Modeling}}
}

@misc{CG2013,
  Author = {Deussen, Oliver},
  Institution = {University of Kostanz},
  Howpublished = {University Lecture},
  Year = {2013},
  Title = {{Modeling in Computer Graphics}}
}

@mastersthesis{Ahmed2004,
    author     =     {Naveed Ahmed},
    title     =     {{BRDF Reconstruction from Video Streams of Multi-View Recordings}},
    school     =     {University of Saarland},
    year     =     {2004},
}

@article{Garg2013,
author = {Garg, Ravi and Roussos, Anastasios and Agapito, Lourdes},
journal = {2013 IEEE Conference on Computer Vision and Pattern Recognition},
mendeley-groups = {Master Projekt,Master Projekt/cvpr\_2013,Master Projekt/interesting approaches/important/dense},
month = jun,
pages = {1272--1279},
publisher = {Ieee},
title = {{Dense Variational Reconstruction of Non-rigid Surfaces from Monocular Video}},
year = {2013}
}

@article{Ummenhofer2012,
author = {Ummenhofer, Benjamin and Brox, Thomas},
journal = {Pattern Recognition},
mendeley-groups = {Master Projekt/interesting approaches/important/dense},
title = {{Dense 3D Reconstruction with a Hand-Held Camera}},
year = {2012}
}

@unpublished{Friedrich2014, 
author = {Friedrich, Markus}, 
year = {2014}, 
title = {{A survey on online 3-dimensional reconstruction from dense, uncalibrated image-sets}},
note = {Master's Project} 
}

@inproceedings{Curless1996,
  title={{A volumetric method for building complex models from range images}},
  author={Curless, Brian and Levoy, Marc},
  booktitle={Proceedings of the 23rd annual conference on computer graphics and interactive techniques},
  pages={303--312},
  year={1996},
  organization={ACM}
}

@article{Niessner2013,
	author = {Nie{\ss}ner, M. and Zollh\"ofer, M. and Izadi, S. and Stamminger, M.},
	title = {{Real-time 3D Reconstruction at Scale using Voxel Hashing}}, 
	journal = {ACM Transactions on Graphics (TOG)},
	publisher = {ACM},
	year = {2013}
}

@article{Teschner2003,
  title={{Optimized spatial hashing for collision detection of deformable objects}},
  author={Teschner, Matthias and Heidelberger, Bruno and M{\"u}ller, Matthias and Pomeranets, Danat and Gross, Markus},
  year={2003},
  publisher={Citeseer},
  journal = {Proceedings of the 18th International Workshop on Vision, Modeling and Visualization}
}

@inproceedings{Lefebvre2006,
  title={{Perfect spatial hashing}},
  author={Lefebvre, Sylvain and Hoppe, Hugues},
  booktitle={ACM Transactions on Graphics (TOG)},
  volume={25},
  number={3},
  pages={579--588},
  year={2006},
  organization={ACM}
}

@inproceedings{Spliet2014,
 author = {Spliet, Roy and Howes, Lee and Gaster, Benedict R. and Varbanescu, Ana Lucia},
 title = {{KMA: A Dynamic Memory Manager for OpenCL}},
 booktitle = {Proceedings of Workshop on General Purpose Processing Using GPUs},
 series = {GPGPU-7},
 year = {2014},
 isbn = {978-1-4503-2766-4},
 location = {Salt Lake City, UT, USA},
 pages = {9:9--9:18},
 articleno = {9},
 numpages = {10},
 url = {http://doi.acm.org/10.1145/2576779.2576781},
 doi = {10.1145/2576779.2576781},
 acmid = {2576781},
 publisher = {ACM},
 address = {New York, NY, USA},
 keywords = {Dynamic memory allocation, Massive parallelism, Multi-/many-cores, OpenCL kernels},
} 

@inproceedings{Steinberger2012, 
author={Steinberger, M. and Kenzel, M. and Kainz, B. and Schmalstieg, D.}, 
booktitle={Innovative Parallel Computing (InPar), 2012}, 
title={{ScatterAlloc: Massively parallel dynamic memory allocation for the GPU}}, 
year={2012}, 
month={May}, 
pages={1-10}, 
keywords={graphics processing units;parallel architectures;resource allocation;storage management;GPU;NVIDIA CUDA toolkit;ScatterAlloc;allocation speed;data access time;fragmentation;graphics processing units;hashing;massively parallel dynamic memory allocation;memory request scattering;parallel architectures;Dynamic scheduling;Graphics processing unit;Instruction sets;Kernel;Memory management;Resource management;GPU;dynamic memory allocation;hashing;massively parallel}, 
doi={10.1109/InPar.2012.6339604},}

@inproceedings{Widmer2013,
 author = {Widmer, Sven and Wodniok, Dominik and Weber, Nicolas and Goesele, Michael},
 title = {{Fast Dynamic Memory Allocator for Massively Parallel Architectures}},
 booktitle = {Proceedings of the 6th Workshop on General Purpose Processor Using Graphics Processing Units},
 series = {GPGPU-6},
 year = {2013},
 isbn = {978-1-4503-2017-7},
 location = {Houston, Texas},
 pages = {120--126},
 numpages = {7},
 url = {http://doi.acm.org/10.1145/2458523.2458535},
 doi = {10.1145/2458523.2458535},
 acmid = {2458535},
 publisher = {ACM},
 address = {New York, NY, USA},
 keywords = {GPGPU, dynamic memory allocation, parallel computing},
} 

@article{Ladner1980,
  title={{Parallel prefix computation}},
  author={Ladner, Richard E and Fischer, Michael J},
  journal={Journal of the ACM (JACM)},
  volume={27},
  number={4},
  pages={831--838},
  year={1980},
  publisher={ACM}
}

@book{Knuth1998,
 author = {Knuth, Donald E.},
 title = {{The Art of Computer Programming,  Volume 3: (2Nd Ed.) Sorting and Searching}},
 year = {1998},
 isbn = {0-201-89685-0},
 publisher = {Addison Wesley Longman Publishing Co., Inc.},
 address = {Redwood City, CA, USA},
} 

@article{Laine2010, 
author={Laine, S. and Karras, T.}, 
journal={Visualization and Computer Graphics, IEEE Transactions on}, 
title={{Efficient Sparse Voxel Octrees}}, 
year={2011}, 
month={Aug}, 
volume={17}, 
number={8}, 
pages={1048-1059}, 
keywords={computational geometry;computer graphic equipment;coprocessors;filtering theory;image representation;octrees;ray tracing;GPU;compact data structure;feature-rich geometry;ray cast acceleration;ray tracing;shading attribute discrete sampling;smooth surface compact encoding;sparse voxel octrees;triangle-based representations;variable-radius postprocess filtering technique;voxel representations;Approximation methods;Arrays;Geometry;Graphics processing unit;Image color analysis;Octrees;Rendering (computer graphics);CUDA.;GPU;Voxel;octree;ray tracing;volumetric image representation}, 
doi={10.1109/TVCG.2010.240}, 
ISSN={1077-2626},}

@article{Park2001,
title = {{Parallel algorithms for red-black trees}},
journal = "Theoretical Computer Science ",
volume = "262",
number = "12",
pages = "415 - 435",
year = "2001",
issn = "0304-3975",
doi = "http://dx.doi.org/10.1016/S0304-3975(00)00287-5",
url = "http://www.sciencedirect.com/science/article/pii/S0304397500002875",
author = "Heejin Park and Kunsoo Park",
abstract = "We present parallel algorithms for the following four operations on redï¿½black trees: construction, search, insertion, and deletion. Our parallel algorithm for constructing a redï¿½black tree from a sorted list of n items runs in O(1) time with n processors on the \{CRCW\} \{PRAM\} and runs in O(log&#xa0;log&#xa0;n) time with n/log&#xa0;log&#xa0;n processors on the \{EREW\} PRAM. Our construction algorithm does not require the assumptions that previous construction algorithms used. Each of our parallel algorithms for search, insertion, and deletion in redï¿½black trees runs in O(log&#xa0;n+log&#xa0;k) time with k processors on the \{EREW\} PRAM, where k is the number of unsorted items to search for, insert, or delete and n is the number of nodes in a redï¿½black tree. "
}

@inproceedings{Lewis1995,
  title={{Fast normalized cross-correlation}},
  author={Lewis, JP},
  booktitle={Vision interface},
  volume={10},
  number={1},
  pages={120--123},
  year={1995}
}

@inproceedings{Nehab2011,
  title={{GPU-efficient recursive filtering and summed-area tables}},
  author={Nehab, Diego and Maximo, Andr{\'e} and Lima, Rodolfo S and Hoppe, Hugues},
  booktitle={ACM Transactions on Graphics (TOG)},
  volume={30},
  number={6},
  pages={176},
  year={2011},
  organization={ACM}
}

@inproceedings{danhof2015,
author = {Danhof, Malvin and Schneider, Tarek and Laube, Pascal and Umlauf, Georg},
year = {2015},
month = {01},
booktitle={Proceedings of the 2015 BW-CAR Symposium on Information and Communication Systems (SInCom)},
volume={2},
pages = {},
title = {A Virtual-Reality 3d-Laser-Scan Simulation}
}
































